%% This BibTeX bibliography file was created using BibDesk.
%% http://bibdesk.sourceforge.net/


%% Created for Hervé BREDIN at 2012-01-13 12:14:20 +0100 


%% Saved with string encoding Unicode (UTF-8) 



@inproceedings{Bredin2012,
	Author = {Herv{\'e} Bredin},
	Booktitle = {IEEE ICASSP},
	Title = {{S}egmentation of {TV} {S}hows into {S}cenes using {S}peaker {D}iarization and {S}peech {R}ecognition},
	Year = {2012}}

@inproceedings{Bredin2007a,
	Author = {Herv{\'e} Bredin and G{\'e}rard Chollet},
	Booktitle = {IEEE ICASSP},
	Title = {{A}udio-{V}isual {S}peech {S}ynchrony {M}easure for {T}alking-{F}ace {I}dentity {V}erification},
	Year = {2007}}

@article{Ramona2011,
	Author = {Mathieu Ramona and S\'{e}bastien Fenet and Rapha\¨{e}l Blouet and Herv\'{e} Bredin and Thomas Fillon and Geoffroy Peeters},
	Journal = {Applied Artificial Intelligence},
	Title = {{A} {P}ublic {A}udio {I}dentification {E}valuation {F}ramework for {B}roadcast {M}onitoring},
	Year = {2011},
}

@inproceedings{Cooray2009,
	Author = {Cooray, Saman H. and Bredin, Herv\'{e} and Xu, Li-Qun and O'Connor, Noel E.},
	Booktitle = {Proceedings of the seventeen ACM international conference on Multimedia},
	Date-Added = {2011-08-31 10:05:55 +0200},
	Date-Modified = {2011-08-31 10:05:55 +0200},
	Doi = {http://doi.acm.org/10.1145/1631272.1631388},
	Isbn = {978-1-60558-608-3},
	Keywords = {camera motion estimation, interactivity, shot-cut detection, ugvs, video summarisation},
	Location = {Beijing, China},
	Numpages = {4},
	Pages = {685--688},
	Publisher = {ACM},
	Series = {MM '09},
	Title = {An interactive and multi-level framework for summarising user generated videos},
	Url = {http://doi.acm.org/10.1145/1631272.1631388},
	Year = {2009},
	Bdsk-Url-1 = {http://doi.acm.org/10.1145/1631272.1631388}}

@article{Karam2009,
	Author = {Walid Karam and Herv{\'e} Bredin and Hanna Greige and G{\'e}rard Chollet and Chafic Mokbel},
	Date-Added = {2011-08-31 10:05:48 +0200},
	Date-Modified = {2011-08-31 10:19:58 +0200},
	Journal = {EURASIP Journal on Advances in Signal Processing, Special Issue on Recent Advances in Biometric Systems: A Signal Processing Perspective},
	Month = {April},
	Title = {Talking-Face Identity Verification, Audiovisual Forgery and Robustness Issues},
	Url = {http://dx.doi.org/10.1155/2009/746481},
	Year = {2009},
	Bdsk-Url-1 = {http://www.hindawi.com/journals/asp/2009/746481/}}

@inproceedings{Ercolessi2011,
	Abstract = {In this paper, we propose a novel approach to perform scene segmentation of TV series.
Using the output of our existing speaker diarization system, any temporal segment of the video can be described as a binary feature vector. A straightforward segmentation algorithm then allows to group similar contiguous speaker segments into scenes.
An additional visual-only color-based segmentation is then used to refine the first segmentation. Experiments are performed on a subset of the Ally McBeal TV series and show promising results, obtained with a rule-free and generic method. For comparison purposes, test corpus annotations and description are made available to the community.
},
	Address = {Delft, The Netherlands},
	Author = {Philippe Ercolessi and Herv\'{e} Bredin and Christine S\'{e}nac and Philippe Joly},
	Booktitle = {WIAMIS 2011: 12th International Workshop on Image Analysis for Multimedia Interactive Services},
	Date-Added = {2011-08-31 09:56:14 +0200},
	Date-Modified = {2011-09-22 10:30:46 +0200},
	Month = {April},
	Title = {{S}egmenting {TV} {S}eries into {S}cenes using {S}peaker {D}iarization},
	Year = {2011},
}

@inproceedings{Bredin2009,
	Author = {Herv{\'e} Bredin and Aur{\'e}lien Mayoue and G{\'e}rard Chollet and Bernadette Dorizzi},
	Booktitle = {Guide to Biometric Reference Systems and Performance Evaluation},
	Editor = {Dijana Petrovska and G{\'e}rard Chollet},
	Title = {{T}alking-{F}ace {A}uthentication},
	Year = {2009},
}

@inproceedings{Dumont2008a,
	Address = {Koblenz, Germany},
	Author = {Emilie Dumont and Bernard Merialdo and Slim Essid and Werner Bailer and Daragh Byrne and Herv{\'e} Bredin and Noel O'Connor and Gareth JF Jones and Martin Haller and Andreas Krutz and Thomas Sikora and Tomas Piatrik},
	Booktitle = {SAMT 2008, 3rd International Conference on Semantic and Digital Media Technologies},
	Date-Modified = {2008-12-13 11:18:34 +0100},
	Month = {12/2008},
	Title = {A collaborative approach to video summarization},
	Year = {2008}}

@inproceedings{Bredin2008a,
	Address = {Vancouver, BC, Canada},
	Author = {Herv{\'e} Bredin and Daragh Byrne and Hyowon Lee and Noel O'Connor and Gareth JF Jones},
	Booktitle = {TRECVID 2008, ACM International Conference on Multimedia Information Retrieval 2008},
	Date-Modified = {2008-12-13 11:18:34 +0100},
	Month = {11/2008},
	Title = {Dublin City University at TRECVid 2008 BBC Rushes Summarisation Task},
	Year = {2008}}

@inproceedings{Bredin2008,
	Author = {Herv{\'e} Bredin and G{\'e}rard Chollet},
	Booktitle = {IEEE ICASSP},
	Title = {{M}aking {T}alking-{F}ace {A}uthentication {R}obust to {D}eliberate {I}mposture},
	Year = {2008}}

@inproceedings{Dumont2008,
	Address = {Vancouver, BC, Canada},
	Author = {Emilie Dumont and Bernard Merialdo and Slim Essid and Werner Bailer and Herwig Rehatschek and Daragh Byrne and Herv{\'e} Bredin and Noel O'Connor and Gareth JF Jones and Alan F Smeaton and Martin Haller and Andreas Krutz and Thomas Sikora and Tomas Piatrik},
	Booktitle = {TRECVID 2008, ACM International Conference on Multimedia Information Retrieval 2008},
	Date-Modified = {2008-12-13 11:18:34 +0100},
	Month = {11/2008},
	Title = {Rushes video summarization using a collaborative approach},
	Year = {2008}}

@inproceedings{Fauve2008,
	Address = {Las Vegas, USA},
	Author = {Beno{\"\i}t Fauve and Herv{\'e} Bredin and Walid Karam and Florian Verdet and Aur{\'e}lien Mayoue and G{\'e}rard Chollet and Jean Hennebert and R. Lewis and John Mason and Chafic Mokbel and Dijana Petrovska},
	Booktitle = {ICASSP 2008, IEEE International Conference on Acoustics, Speech, and Signal Processing},
	Date-Modified = {2008-12-13 11:18:34 +0100},
	Month = {04/2008},
	Title = {Some Results from the BioSecure Talking-Face Evaluation Campaign},
	Year = {2008}}

@inproceedings{Argones-Rua2007,
	Address = {Girona, Spain},
	Author = {Enrique Argones-R{\'u}a and Carmen Garc{\'\i}a-Mateo and Herv{\'e} Bredin and G{\'e}rard Chollet},
	Booktitle = {1st Spanish Workshop on Biometrics},
	Date-Modified = {2008-12-13 11:18:34 +0100},
	Month = {06/2007},
	Title = {Aliveness Detection using Coupled Hidden Markov Models},
	Year = {2007}}

@article{Bredin2007,
	Author = {Herv{\'e} Bredin and G{\'e}rard Chollet},
	Chapter = {179},
	Journal = {EURASIP Journal on Advances in Signal Processing},
	Title = {{A}udio-{V}isual {S}peech {S}ynchrony {M}easure: {A}pplication to {B}iometrics},
	Year = {2007}}

@inproceedings{Bredin2012a,
	Author = {Herv{\'e} Bredin},
	Booktitle = {IEEE ICASSP},
	Title = {{C}ommunity-driven {H}ierarchical {F}usion of {N}umerous {C}lassifiers: {A}pplication to {V}ideo {S}emantic {I}ndexing},
	Year = {2012}}

@article{Argones-Rua2007a,
	Author = {Enrique Argones-R{\'u}a and Herv{\'e} Bredin and Carmen Garc{\'\i}a-Mateo and G{\'e}rard Chollet and Daniel Gonz{\'a}lez-Jim{\'e}nez},
	Journal = {Pattern Analysis and Applications Journal},
	Title = {{A}udio-{V}isual {S}peech {A}synchrony {D}etection using {C}o-{I}nertia {A}nalysis and {C}oupled {H}idden {M}arkov {M}odels},
	Year = {2007}}

@inbook{Abboud2007,
	Author = {Bouchra Abboud and Herv{\'e} Bredin and Guido Aversano and G{\'e}rard Chollet},
	Booktitle = {Progress in Nonlinear Speech Processing},
	Date-Modified = {2008-12-13 11:18:34 +0100},
	Editor = {Yannis Stylianou},
	Pages = {118-134},
	Publisher = {Springer Verlag},
	Title = {Audio-Visual Identity Verification: an Introductory Overview},
	Volume = {4391},
	Year = {2007}}

@inproceedings{Perrot2007,
	Address = {London, UK},
	Author = {Patrick Perrot and Herv{\'e} Bredin and G{\'e}rard Chollet},
	Booktitle = {2007 International Crime Science Conference},
	Date-Modified = {2008-12-13 11:18:34 +0100},
	Month = {07/2007},
	Title = {Biometrics and Forensic Sciences: the same quest for identification?},
	Year = {2007}}

@inbook{Chollet2007,
	Author = {G{\'e}rard Chollet and R{\'e}mi Landais and Herv{\'e} Bredin and Thomas Hueber and Chafic Mokbel and Patrick Perrot and Leila Zouari},
	Booktitle = {Non-Linear Speech Processing},
	Date-Modified = {2008-12-13 11:18:34 +0100},
	Editor = {Mohamed Chetouani},
	Publisher = {Springer Verlag},
	Title = {Some experiments in Audio-visual Speech Processing},
	Year = {2007}}

@inproceedings{Landais2007,
	Address = {Hammamet, Tunisia},
	Author = {R{\'e}mi Landais and Herv{\'e} Bredin and Leila Zouari and G{\'e}rard Chollet},
	Booktitle = {Traitement et Analyse de l'Information : M{\'e}thodes et Applications},
	Date-Modified = {2008-12-13 11:18:34 +0100},
	Month = {05/2007},
	Title = {V{\'e}rification Audiovisuelle de l'Identit{\'e}},
	Year = {2007}}

@phdthesis{Bredin2007b,
	Address = {Paris, France},
	Author = {Herv{\'e} Bredin},
	Date-Modified = {2008-12-13 11:18:34 +0100},
	Month = {11/2007},
	School = {T{\'e}l{\'e}com ParisTech},
	Title = {V{\'e}rification de l'identit{\'e} d'un visage parlant. Apport de la mesure de synchronie audiovisuelle face aux tentatives d{\'e}lib{\'e}r{\'e}es d'imposture.},
	Type = {PhD},
	Year = {2007}}

@inproceedings{Bredin2006,
	Author = {Herv{\'e} Bredin and Antonio Miguel and Ian Witten and G{\'e}rard Chollet},
	Booktitle = {IEEE ICASSP},
	Title = {{D}etecting {R}eplay {A}ttacks in {A}udiovisual {I}dentity {V}erification},
	Year = {2006}}

@inproceedings{Bredin2006b,
	Address = {Hong-Kong, China},
	Author = {Herv{\'e} Bredin and Najim Dehak and G{\'e}rard Chollet},
	Booktitle = {ICPR 2006, IAPR International Conference on Pattern Recognition},
	Date-Modified = {2008-12-13 11:18:34 +0100},
	Month = {08/2006},
	Title = {GMM-based SVM for Face Recognition},
	Year = {2006}}

@inproceedings{Bredin2006c,
	Address = {Bangalore, India},
	Author = {Herv{\'e} Bredin and G{\'e}rard Chollet},
	Booktitle = {VIE 2006, IEE International Conference on Visual Information Engineering},
	Date-Modified = {2008-12-13 11:18:34 +0100},
	Month = {09/2006},
	Title = {Measuring Audio and Visual Speech Synchrony: Methods and Applications},
	Year = {2006}}

@inproceedings{Koreman2006,
	Address = {Toulouse, France},
	Author = {Jacques Koreman and Andrew C Morris and D. Wu and Sabah Jassim and Harin Sellahewa and J. Ehlers and G{\'e}rard Chollet and Guido Aversano and Herv{\'e} Bredin and Sonia Garcia-Salicetti and Lor{\`e}ne Allano and Bao Ly Van and Bernadette Dorizzi},
	Booktitle = {MMUA 2006, Workshop on Multimodal User Authentication},
	Date-Modified = {2008-12-13 11:18:34 +0100},
	Month = {05/2006},
	Title = {Multi-modal Biometric Authentication on the SecurePhone PDA},
	Year = {2006}}

@inproceedings{Brugger2006,
	Address = {Dinard, France},
	Author = {Fabian Brugger and Leila Zouari and Herv{\'e} Bredin and Asma Amehraye and G{\'e}rard Chollet and Dominique Pastor and Yang Ni},
	Booktitle = {JEP 2006, Journ{\'e}es d'Etudes sur la Parole},
	Date-Modified = {2008-12-13 11:18:34 +0100},
	Month = {06/2006},
	Title = {Reconnaissance Audiovisuelle de la Parole par VMike},
	Year = {2006}}

@inproceedings{Bredin2006a,
	Author = {Herv{\'e} Bredin and Guido Aversano and Chafic Mokbel and G{\'e}rard Chollet},
	Booktitle = {Workshop on Multimodal User Authentication},
	Title = {{T}he {BioSecure} {T}alking-{F}ace {R}eference {S}ystem},
	Year = {2006}}

@inproceedings{McTait2005,
	Address = {Zaghreb, Croatia},
	Author = {Kevin McTait and Herv{\'e} Bredin and Silvia Col{\'o}n and Thomas Fillon and G{\'e}rard Chollet},
	Booktitle = {ISISPA 2005, International Symposium on Image and Signal Processing and Analysis},
	Date-Modified = {2008-12-13 11:18:34 +0100},
	Month = {09/2005},
	Title = {Adapting a High Quality Audiovisual Database to PDA Quality},
	Year = {2005}}
